%% This BibTeX bibliography file was created using BibDesk.
%% http://bibdesk.sourceforge.net/


%% Created for Perry Alexander at 2006-09-15 14:36:11 -0500 


%% Saved with string encoding Western (ASCII) 



@misc{Davis:00:Ptolemy-II---He,
	Author = {Davis, J.},
	Date-Added = {2006-09-15 14:33:20 -0500},
	Date-Modified = {2006-09-15 14:33:20 -0500},
	Keywords = {environments},
	Text = {J. Davis et al., Ptolemy II - Heterogeneous ConcurrenT Modeling and Design in JAVA, University of California at Berkeley, September 2000.},
	Title = {Ptolemy II - Heterogeneous ConcurrenT Modeling and Design in JAVA},
	Url = {citeseer.nj.nec.com/davis99ptolemy.html},
	Year = {2000}}

@article{Buck:94:Ptolemy:-A-Fram,
	Author = {Buck, J. T. and Ha, S. and Lee, E. A. and Messerschmitt, D. G.},
	Date-Added = {2006-09-15 14:33:07 -0500},
	Date-Modified = {2006-09-15 14:33:07 -0500},
	Journal = {Int. Journal of Computer Simulation},
	Keywords = {environments},
	Month = {April},
	Pages = {155-182},
	Title = {Ptolemy: A Framework for Simulating and Prototyping Heterogeneous Systems},
	Volume = {4},
	Year = {1994}}

@inproceedings{Easterbrook:95:Managing-Incons,
	Address = {York, UK},
	Author = {Easterbrook, S. and Nuseibeh, B.},
	Booktitle = {Proceedings of the Second IEEE International Symposium on Requirements Engineering (RE-95)},
	Date-Added = {2006-09-15 14:32:33 -0500},
	Date-Modified = {2006-09-15 14:32:33 -0500},
	Keywords = {requirements specification},
	Month = {April},
	Pages = {48--55},
	Publisher = {IEEE Press},
	Title = {Managing Inconsistencies in Evolving Specifications},
	Year = {1995}}

@inproceedings{Easterbrook:01:A-Framework-for,
	Author = {Easterbrook, Steve and Chechik, Marsha},
	Booktitle = {International Conference on Software Engineering},
	Date-Added = {2006-09-15 14:32:20 -0500},
	Date-Modified = {2006-09-15 14:32:20 -0500},
	Keywords = {requirements specification},
	Pages = {411-420},
	Title = {A Framework for Multi-Valued Reasoning over Inconsistent Viewpoints},
	Url = {citeseer.nj.nec.com/easterbrook01framework.html},
	Year = {2001}}

@inproceedings{Easterbrook:03:Analysis-of-Inc,
	Address = {Montreal, Canada},
	Author = {Easterbrook, Steve and Sabetzadeh, Mehrdad},
	Booktitle = {Proceedgings of The Automated Software Engineering Conference (ASE'03)},
	Date-Added = {2006-09-15 14:32:04 -0500},
	Date-Modified = {2006-09-15 14:32:04 -0500},
	Keywords = {formal methods, sldl},
	Month = {October},
	Pages = {12--21},
	Title = {Analysis of Inconsistency in Graph-Based Viewpoints: A Category-Theoretic Approach},
	Year = {2003}}

@inproceedings{PradoLeite:96:Viewpoints-on-V,
	Author = {do PradoLeite, Julio Cesar Sampaio},
	Booktitle = {Joint proceedings of the second international software architecture workshop (ISAW-2) and international workshop on multiple perspectives in software development (Viewpoints '96) on SIGSOFT '96 workshops},
	Date-Added = {2006-09-15 14:31:33 -0500},
	Date-Modified = {2006-09-15 14:31:33 -0500},
	Keywords = {sldl},
	Pages = {285-288},
	Title = {Viewpoints on Viewpoints},
	Year = {1996}}

@inproceedings{Easterbrook:93:Domain-Modeling,
	Address = {San Diego, CA},
	Author = {Easterbrook, S.},
	Booktitle = {Proceedings of the First International Symposium on Requiremetns Engineering (RE-93)},
	Date-Added = {2006-09-15 14:30:42 -0500},
	Date-Modified = {2006-09-15 14:30:42 -0500},
	Keywords = {requirements specification},
	Month = {January},
	Title = {Domain Modeling with Hieararchies of Alternative Viewpoints},
	Year = {1993}}

@article{Finkelstein:92:Viewpoints:-A-F,
	Author = {Finkelstein, A. and Kramer, J. and Nuseibeh, B. and Finkelstein, L. and Goedicke, M.},
	Date-Added = {2006-09-15 14:30:18 -0500},
	Date-Modified = {2006-09-15 14:30:18 -0500},
	Journal = {International Journal of Software Engineering and Knowledge Engineering},
	Keywords = {requirements specification},
	Month = {March},
	Note = {World Scientific Publishing Co.},
	Number = {1},
	Pages = {31-58},
	Title = {Viewpoints: A Framework for Integrating Multiple Perspectives in System Development},
	Volume = {2},
	Year = {1992}}

@techreport{Finkelstein:92:Requirements-En,
	Address = {180 Queen's Gate, London SW7 2BZ},
	Author = {Finkelstein, Anthony and Easterbrook, Steve and Kramer, Jeff and Nuseibeh, Bashar},
	Date-Added = {2006-09-15 14:30:02 -0500},
	Date-Modified = {2006-09-15 14:35:15 -0500},
	Institution = {Imperial College, Department of Computing},
	Keywords = {requirements specification},
	Title = {Requirements Engineering Through Viewpoints},
	Year = {1992}}

@inproceedings{Misra:97:A-Model-Integra,
	Address = {Montery, CA},
	Author = {Misra, A. and Karsai, G. and Sztipanovits, J. and Ledeczi, A. and Moore, M.},
	Booktitle = {Proceedings of The 1997 Conference and Workshop on Engineering of Computer Based Systems},
	Date-Added = {2006-09-15 14:29:35 -0500},
	Date-Modified = {2006-09-15 14:29:35 -0500},
	Keywords = {environments},
	Month = {March},
	Pages = {203--210},
	Publisher = {IEEE Press},
	Title = {A Model-Integrated Infomration System for Increasing Throughput in Discrete Manufacturing},
	Year = {1997}}

@inproceedings{Evans:99:Core-Meta-Model,
	Author = {Evans, A. and Kent, S.},
	Booktitle = {Proceedings of UML 99},
	Date-Added = {2006-09-15 14:29:11 -0500},
	Date-Modified = {2006-09-15 14:29:11 -0500},
	Keywords = {software engineering},
	Month = {October},
	Title = {Core Meta-Modelling Semantics of {UML}: The p{UML} Approach},
	Year = {1999}}

@manual{Group:97:UML-Semantics,
	Address = {Santa Clara, CA},
	Author = {Group, The UML},
	Date-Added = {2006-09-15 14:28:56 -0500},
	Date-Modified = {2006-09-15 14:28:56 -0500},
	Edition = {1.1},
	Keywords = {software engineering},
	Month = {July},
	Note = {http://www.rational.com},
	Organization = {Rational Software Corporation},
	Title = {UML Semantics},
	Year = {1997}}

@manual{Group:97:UML-Metamodel,
	Address = {Santa Clara, CA},
	Author = {Group, The UML},
	Date-Added = {2006-09-15 14:28:38 -0500},
	Date-Modified = {2006-09-15 14:28:38 -0500},
	Edition = {1.1},
	Keywords = {software engineering},
	Month = {September},
	Note = {http://www.rational.com},
	Organization = {Rational Software Corporation},
	Title = {UML Metamodel},
	Year = {1997}}

@article{Smith:90:KIDS:-A-Semiaut,
	Author = {Smith, Douglas R.},
	Date-Added = {2006-09-15 14:28:08 -0500},
	Date-Modified = {2006-09-15 14:28:08 -0500},
	Journal = {IEEE Transactions on Software Engineering},
	Keywords = {synthesis},
	Number = {9},
	Pages = {1024-1043},
	Title = {{KIDS: A Semiautomatic Program Development System}},
	Volume = {16},
	Year = {1990}}

@article{Smith:93:Constructing-Sp,
	Author = {Smith, Douglas R.},
	Date-Added = {2006-09-15 14:27:52 -0500},
	Date-Modified = {2006-09-15 14:27:52 -0500},
	Journal = {Journal of Symbolic Computation},
	Keywords = {synthesis},
	Location = {KBSE},
	Pages = {571-606},
	Title = {Constructing Specification Morphisms},
	Volume = {15},
	Year = {1993}}

@book{Ehrig:85:Fundamentals-of,
	Address = {Berlin},
	Annotate = {ACT ONE reference},
	Author = {Ehrig, H. and Mahr, B.},
	Date-Added = {2006-09-15 14:27:18 -0500},
	Date-Modified = {2006-09-15 14:27:18 -0500},
	Keywords = {requirements specification},
	Publisher = {Springer--Verlag},
	Series = {EATCS Mongraphs on Theoretical Computer Science},
	Title = {{Fundamentals of Algebraic Specifications 1: Equations and Initial Semantics}},
	Year = {1985}}

@book{Nielson:05:Principles-of-P,
	Author = {Nielson, Flemming and Nielson, Hanne RIIS and Hankin, Chris},
	Date-Added = {2006-09-15 14:26:09 -0500},
	Date-Modified = {2006-09-15 14:26:09 -0500},
	Keywords = {programming languages},
	Publisher = {Springer-Verlag},
	Title = {Principles of Program Analysis},
	Year = {2005}}

@article{Cousot:00:Abstract-Interp,
	Author = {Cousot, Patrick},
	Date-Added = {2006-09-15 14:25:28 -0500},
	Date-Modified = {2006-09-15 14:25:28 -0500},
	Journal = {ACM Computing Surveys},
	Keywords = {abstract interpretation},
	Local-Url = {file://localhost/Volumes/sldg/sldg/share/archive/Cousot-ACM-Computing-Surveys-v28-n2-p324-328-1996.pdf},
	Month = {June},
	Number = {2},
	Pages = {324--328},
	Title = {Abstract Interpretation},
	Volume = {28},
	Year = {100}}

@misc{Jacobs:97:A-Tutorial-on-C,
	Author = {Jacobs, Bart and Rutten, Jan},
	Date-Added = {2006-09-15 14:25:11 -0500},
	Date-Modified = {2006-09-15 14:25:11 -0500},
	Howpublished = {EATCS Bulletin 62},
	Keywords = {formal methods},
	Note = {p.222-259},
	Title = {A Tutorial on (Co)Algebras and (Co)Induction},
	Year = {1997}}

@book{Alexander:06:System-Level-De,
	Author = {Alexander, Perry},
	Date-Added = {2006-09-15 14:24:55 -0500},
	Date-Modified = {2006-09-15 14:24:55 -0500},
	Publisher = {Morgan Kaufmann Publishers, Inc.},
	Title = {System Level Design with Rosetta},
	Year = {2006}}

@article{Alexander:01:Rosetta:-Semant,
	Author = {Alexander, Perry and Kong, Cindy},
	Date-Added = {2006-09-15 14:24:21 -0500},
	Date-Modified = {2006-09-15 14:24:21 -0500},
	Journal = {IEEE Computer},
	Keywords = {sldl, rosetta},
	Month = {November},
	Number = {11},
	Pages = {64-70},
	Title = {Rosetta: Semantic Support for Model-Centered Systems-Level Design},
	Volume = {34},
	Year = {2001}}
